@online{MyPyramid,
    author = {United States Department of Agriculture},
    title = {{mypyramid.gov}, steps to a healthier you},
    year = 2005,
    url = {http://www.mypyramid.gov/}
}

@online{MyPlate,
    author = {United States Department of Agriculture},
    title = {MyPlate},
    year = 2005,
    url = {http://www.choosemyplate.gov/},
    urldate =  {2016-03-05}
}

@MastersThesis{FIDS30,
    type = {Bsc thesis},
    school = {Faculty of Computer and Information Science, University of Ljubljana},
    author = {Å krjanec Marko},
    title = {Automatic fruit recognition using computer vision},
    year = 2013,
    note = {Mentor: Matej Kristan}
}

@article{jia2014caffe,
    Author = {Jia, Yangqing and Shelhamer, Evan and Donahue, Jeff and Karayev, Sergey and Long, Jonathan and Girshick, Ross and Guadarrama, Sergio and Darrell, Trevor},
    Journal = {arXiv preprint arXiv:1408.5093},
    Title = {Caffe: Convolutional Architecture for Fast Feature Embedding},
    Year = {2014}
}

@misc{pascalVoc2012,
    Author = "Everingham, M. and Van~Gool, L. and Williams, C. K. I. and Winn, J. and Zisserman, A.",
    Title = "The {PASCAL} {V}isual {O}bject {C}lasses {C}hallenge 2012 {(VOC2012)} {R}esults",
    url = {http://www.pascal-network.org/challenges/VOC/voc2012/workshop/index.html}
}
